@misc{triangle,
  title = {Ray Tracing: Rendering a Triangle},
  howpublished = {\url{https://www.scratchapixel.com/lessons/3d-basic-rendering/ray-tracing-rendering-a-triangle/ray-triangle-intersection-geometric-solution}},
  note = {Accessed: 2017-04-10}
}

@misc{quadratic,
  title = {RRay - Quadric Intersection},
  howpublished = {\url{http://www.bmsc.washington.edu/people/merritt/graphics/quadrics.html}},
  note = {Accessed: 2017-04-24}
}